@article{Papapicco22,
doi = {},
year = {2022},
volume = {},
author = {Papapicco, Davide and Demo, Nicola and Girfoglio, Michele and Stabile, Giovanni and Rozza, Gianluigi},
title = {},
journal = {{Com. Met. Appl. Mech. Eng.}},
}

