@misc{DynSys,
title = {Notes on Dynamical Systems},
author = {Papapicco, D.},
howpublished = {\href{https://github.com/papadeiv/Notes/blob/master/notes/DynamicalSystems/main.pdf}{Link}}
}
@misc{NumAnal,
title = {Notes on Numerical Analysis},
author = {Papapicco, D.},
howpublished = {\href{https://github.com/papadeiv/Notes/blob/master/notes/NumericalAnalysis/main.pdf}{Link}}
}
@misc{Prob&Stat,
title = {Notes on Probability and Statistical Theory},
author = {Papapicco, D.},
howpublished = {\href{https://github.com/papadeiv/Notes/blob/master/notes/ProbabilityAndStatistics/main.pdf}{Link}}
}
@misc{StocProc,
title = {Notes on Stochastic Processes},
author = {Papapicco, D.},
howpublished = {\href{https://github.com/papadeiv/Notes/blob/master/notes/StochasticProcesses/main.pdf}{Link}}
}
