@article{Ashwin17,
doi = {10.1088/1361-6544/aa675b},
year = {2017},
publisher = {IOP Publishing},
volume = {30},
number = {6},
author = {Ashwin, Peter and Perryman, Clare and Wieczorek, Sebastian},
title = {Parameter shifts for nonautonomous systems in low dimension: bifurcation- and rate-induced tipping},
journal = {Nonlinearity},
}

