@article{Zino25,
author={Zino, Lorenzo and Ye, Mengbin and Calafiore, Giuseppe C. and Rizzo, Alessandro},
journal={IEEE Transactions on Automatic Control}, 
title={Equilibrium Selection in Replicator Equations Using Adaptive-Gain Control}, 
year={2025},
doi={10.1109/TAC.2025.3567253}
}
@book{Glendinning94, 
title={Stability, Instability and Chaos: An Introduction to the Theory of Nonlinear Differential Equations}, 
publisher={Cambridge University Press}, 
author={Glendinning, Paul}, 
year={1994}, 
}
@article{Ashwin17,
doi = {10.1088/1361-6544/aa675b},
year = {2017},
publisher = {IOP Publishing},
volume = {30},
number = {6},
author = {Ashwin, Peter and Perryman, Clare and Wieczorek, Sebastian},
title = {Parameter shifts for nonautonomous systems in low dimension: bifurcation- and rate-induced tipping},
journal = {Nonlinearity},
}

